<?xml version="1.0" encoding="UTF-8"?><collection xmlns="http://www.loc.gov/MARC21/slim"><record><leader>00488nam--2200193-i-4500</leader><controlfield tag="001">000041661</controlfield><controlfield tag="002">20161230</controlfield><controlfield tag="005">20161230201043</controlfield><controlfield tag="008">060222s1000------------r-----000-0-ger-d</controlfield><datafield ind1=" " ind2=" " tag="040"><subfield code="a">IFIN-HH</subfield></datafield><datafield ind1=" " ind2=" " tag="041"><subfield code="a">ger</subfield></datafield><datafield ind1=" " ind2=" " tag="080"><subfield code="a">514.123</subfield></datafield><datafield ind1="1" ind2=" " tag="100"><subfield code="a">Simon,M</subfield></datafield><datafield ind1="1" ind2="0" tag="245"><subfield code="a">Analytische geometrie des raumes</subfield><subfield code="c">Max simon</subfield></datafield><datafield ind1=" " ind2=" " tag="260"><subfield code="a">Berlin</subfield><subfield code="b">Goschen`Sche Verlagshandlung G.M.B.H</subfield><subfield code="c">1919</subfield></datafield><datafield ind1=" " ind2=" " tag="300"><subfield code="a">208 P</subfield></datafield><datafield ind1=" " ind2=" " tag="490"><subfield code="a">Sammlung Goschen</subfield></datafield><datafield ind1=" " ind2=" " tag="852"><subfield code="a">44602</subfield><subfield code="c">H.H</subfield></datafield><datafield ind1=" " ind2=" " tag="CAT"><subfield code="a">Sys</subfield><subfield code="c">20130415</subfield><subfield code="h">173010</subfield></datafield></record></collection>